<?xml version="1.0" encoding="UTF-8"?><collection xmlns="http://www.loc.gov/MARC21/slim"><record><leader>00536nam--2200193-u-4500</leader><controlfield tag="001">000052531</controlfield><controlfield tag="002">20161230</controlfield><controlfield tag="005">20161230201050</controlfield><controlfield tag="008">100902s1000------------r-----000-0-rus-d</controlfield><datafield ind1=" " ind2=" " tag="040"><subfield code="a">IFIN-HH</subfield></datafield><datafield ind1=" " ind2=" " tag="041"><subfield code="a">rus</subfield></datafield><datafield ind1=" " ind2=" " tag="080"><subfield code="a">519.68</subfield></datafield><datafield ind1="1" ind2=" " tag="100"><subfield code="a">Belolipetsky, V.M</subfield></datafield><datafield ind1="1" ind2="0" tag="245"><subfield code="a">Matematiceskoe modelirovanie tecenii stratificerovannoi jidkosti</subfield><subfield code="c">V.M. Belolipetsky, V.Yu. Kostjuk, Iu.I. Shokin</subfield></datafield><datafield ind1=" " ind2=" " tag="260"><subfield code="a">Novosibirsk</subfield><subfield code="b">Nauka</subfield><subfield code="c">1991</subfield></datafield><datafield ind1=" " ind2=" " tag="300"><subfield code="a">175 p</subfield></datafield><datafield ind1="1" ind2=" " tag="700"><subfield code="a">Shokin, Iu.I</subfield></datafield><datafield ind1=" " ind2=" " tag="852"><subfield code="a">80032</subfield><subfield code="c">532</subfield></datafield><datafield ind1=" " ind2=" " tag="CAT"><subfield code="a">Sys</subfield><subfield code="c">20100902</subfield><subfield code="h">153432</subfield></datafield></record></collection>